@article{welcher,
  title={Symmetric fiber spectra and K (n)-homology acyclicity},
  author={Welcher, Peter J.},
  journal={Indiana University Mathematics Journal},
  volume={30},
  number={6},
  pages={801--812},
  year={1981},
}

@article{welcher2,
  title={Symmetric products and the stable Hurewicz homomorphism},
  author={Welcher, Peter J.},
  journal={Illinois Journal of Mathematics},
  volume={24},
  number={4},
  pages={527--544},
  year={1980},
  publisher={University of Illinois at Urbana-Champaign, Department of Mathematics}
}

@article{wood,
  title={A note on bases and relations in the Steenrod algebra},
  author={Wood, R. M. W.},
  journal={Bulletin of the London Mathematical Society},
  volume={27},
  number={4},
  pages={380--386},
  year={1995},
  publisher={Oxford University Press}
}

@book{margolis,
  title={Spectra and the Steenrod algebra: Modules over the Steenrod algebra and the stable homotopy category},
  author={Margolis, H. R.},
  year={1983},
  publisher={Elsevier}
}

@article{nakaoka,
  title={Cohomology mod p of symmetric products of spheres},
  author={Nakaoka, M.},
  journal={J. Inst. Polytech. Osaka City Univ. Ser. A},
  volume={9},
  number={1},
  year={1958}
}
